<record><leader>00000cas a2200000 i 4500</leader><controlfield tag="001">856524485</controlfield><controlfield tag="006">m     o  d        </controlfield><controlfield tag="007">cr |||||||||||</controlfield><controlfield tag="008">130821d18781884nduwr neo     0   a0eng  </controlfield><datafield ind1=" " ind2=" " tag="010"><subfield code="a">  2013218927</subfield></datafield><datafield ind1=" " ind2=" " tag="040"><subfield code="a">DLC</subfield><subfield code="b">eng</subfield><subfield code="e">rda</subfield><subfield code="c">DLC</subfield><subfield code="d">DLC</subfield><subfield code="d">OCLCF</subfield></datafield><datafield ind1="0" ind2=" " tag="022"><subfield code="a">2330-6017</subfield><subfield code="2">1</subfield></datafield><datafield ind1="1" ind2=" " tag="029"><subfield code="a">NZ1</subfield><subfield code="b">15123773</subfield></datafield><datafield ind1=" " ind2=" " tag="042"><subfield code="a">pcc</subfield><subfield code="a">nsdp</subfield></datafield><datafield ind1=" " ind2=" " tag="043"><subfield code="a">n-us-nd</subfield></datafield><datafield ind1="1" ind2="0" tag="050"><subfield code="a">ISSN RECORD</subfield></datafield><datafield ind1="0" ind2="0" tag="082"><subfield code="a">071</subfield><subfield code="2">23</subfield></datafield><datafield ind1="0" ind2=" " tag="130"><subfield code="a">Bismarck tribune (Bismarck, N.D. : 1878 : Online)</subfield></datafield><datafield ind1=" " ind2="0" tag="222"><subfield code="a">Bismarck tribune</subfield><subfield code="b">(Bismarck, N.D. 1878. Online)</subfield></datafield><datafield ind1="1" ind2="0" tag="245"><subfield code="a">Bismarck tribune.</subfield></datafield><datafield ind1="0" ind2="0" tag="246"><subfield code="a">Bismarck weekly tribune</subfield><subfield code="f">Oct. 13, 1882-May 30, 1884</subfield></datafield><datafield ind1=" " ind2="1" tag="264"><subfield code="a">Bismarck, D.T. [N.D.] :</subfield><subfield code="b">Stanley Huntley,</subfield><subfield code="c">1878-1884.</subfield></datafield><datafield ind1=" " ind2=" " tag="310"><subfield code="a">Weekly</subfield></datafield><datafield ind1=" " ind2=" " tag="336"><subfield code="a">text</subfield><subfield code="b">txt</subfield><subfield code="2">rdacontent</subfield></datafield><datafield ind1=" " ind2=" " tag="337"><subfield code="a">computer</subfield><subfield code="b">c</subfield><subfield code="2">rdamedia</subfield></datafield><datafield ind1=" " ind2=" " tag="338"><subfield code="a">online resource</subfield><subfield code="b">cr</subfield><subfield code="2">rdacarrier</subfield></datafield><datafield ind1="1" ind2=" " tag="362"><subfield code="a">Began with vol. VI, no. 19 (October 9, 1878); ceased with vol. XI, no. 52 (May 30, 1884).</subfield></datafield><datafield ind1=" " ind2=" " tag="580"><subfield code="a">Daily ed.:  Bismarck daily tribune, 1881-1884.</subfield></datafield><datafield ind1=" " ind2=" " tag="580"><subfield code="a">Triweekly ed.:  Bismarck tri-weekly tribune, 1878-1881.</subfield></datafield><datafield ind1=" " ind2=" " tag="588"><subfield code="a">Description based on: Vol. VI, no. 19 (October 9, 1878); title from masthead (Chroniclingamerica.loc.gov, viewed August 21, 2013).</subfield></datafield><datafield ind1=" " ind2=" " tag="588"><subfield code="a">Latest issue consulted: Vol. XI, no. 52 (May 30, 1884) (Chroniclingamerica.loc.gov, viewed August 21, 2013).</subfield></datafield><datafield ind1=" " ind2="0" tag="651"><subfield code="a">Bismarck (N.D.)</subfield><subfield code="v">Newspapers.</subfield></datafield><datafield ind1=" " ind2="7" tag="655"><subfield code="a">Newspapers.</subfield><subfield code="2">fast</subfield><subfield code="0">(OCoLC)fst01423814</subfield></datafield><datafield ind1=" " ind2="7" tag="651"><subfield code="a">North Dakota</subfield><subfield code="z">Bismarck.</subfield><subfield code="2">fast</subfield><subfield code="0">(OCoLC)fst01206574</subfield></datafield><datafield ind1=" " ind2=" " tag="752"><subfield code="a">United States</subfield><subfield code="b">North Dakota</subfield><subfield code="c">Burleigh</subfield><subfield code="d">Bismarck.</subfield></datafield><datafield ind1="1" ind2=" " tag="775"><subfield code="t">Bismarck tri-weekly tribune (Online)</subfield><subfield code="x">2330-5819</subfield><subfield code="w">(DLC)  2013218923</subfield><subfield code="w">(OCoLC)849807600</subfield></datafield><datafield ind1="1" ind2=" " tag="775"><subfield code="t">Bismarck daily tribune (Online)</subfield><subfield code="x">2330-5932</subfield><subfield code="w">(DLC)  2013218925</subfield><subfield code="w">(OCoLC)586060490</subfield></datafield><datafield ind1="0" ind2="8" tag="776"><subfield code="i">Originally issued in print:</subfield><subfield code="t">Bismarck tribune (Bismarck, N.D. : 1878)</subfield><subfield code="x">2330-6009</subfield><subfield code="w">(DLC)sn 85042331</subfield><subfield code="w">(OCoLC)12195565</subfield></datafield><datafield ind1="0" ind2="0" tag="780"><subfield code="t">Bismarck weekly tribune (Bismarck, N.D. : 1875 : Online)</subfield><subfield code="x">2330-5878</subfield><subfield code="w">(DLC)  2013218924</subfield><subfield code="w">(OCoLC)506459348</subfield></datafield><datafield ind1="0" ind2="0" tag="785"><subfield code="t">Bismarck weekly tribune (Bismarck, N.D. : 1884 : Online)</subfield><subfield code="x">2330-605X</subfield><subfield code="w">(DLC)  2013218928</subfield><subfield code="w">(OCoLC)856527496</subfield></datafield><datafield ind1="4" ind2="0" tag="856"><subfield code="u">http://chroniclingamerica.loc.gov/lccn/sn85042331/issues</subfield></datafield></record>